<?xml version="1.0" encoding="UTF-8"?>
<record xmlns="http://www.loc.gov/MARC21/slim" xmlns:xsi="http://www.w3.org/2001/XMLSchema-instance" xsi:schemaLocation="http://www.loc.gov/MARC21/slim http://www.loc.gov/standards/marcxml/schema/MARC21slim.xsd">
<leader>     cam a2200241   4500</leader>
<controlfield tag="001">001681853</controlfield>
<controlfield tag="003">NNU</controlfield>
<controlfield tag="005">20001218234145.0</controlfield>
<controlfield tag="008">930728s1943    ua b     b    000 0 ara d</controlfield>
<datafield tag="010" ind1=" " ind2=" ">
<subfield code="a">76971264 /ne</subfield>
</datafield>
<datafield tag="035" ind1="9" ind2=" ">
<subfield code="a">NYUb12225258</subfield>
</datafield>
<datafield tag="035" ind1=" " ind2=" ">
<subfield code="a">(CStRLIN)RIBG93-B18980</subfield>
</datafield>
<datafield tag="040" ind1=" " ind2=" ">
<subfield code="c">CU</subfield>
<subfield code="d">CU</subfield>
<subfield code="d">RPB</subfield>
</datafield>
<datafield tag="050" ind1="0" ind2=" ">
<subfield code="a">VK15</subfield>
<subfield code="b">.F34</subfield>
</datafield>
<datafield tag="100" ind1="1" ind2=" ">
<subfield code="a">Fawzī, Ḥusayn.</subfield>
</datafield>
<datafield tag="245" ind1="1" ind2="0">
<subfield code="a">Ḥadīth al-Sindibād al-qadīm</subfield>
<subfield code="c">[taʹlīf] Ḥusayn Fawzī.</subfield>
</datafield>
<datafield tag="260" ind1=" " ind2=" ">
<subfield code="a">[al-Qāhirah,</subfield>
<subfield code="b">Maṭbaʻat Lajnat al-Taʹlīf wa-al-Tarjamah wa-al-Nashr,</subfield>
<subfield code="c">1943]</subfield>
</datafield>
<datafield tag="300" ind1=" " ind2=" ">
<subfield code="a">13, 375 p.</subfield>
<subfield code="b">map.</subfield>
<subfield code="c">24 cm.</subfield>
</datafield>
<datafield tag="504" ind1=" " ind2=" ">
<subfield code="a">Bibliography: p. [367]-375.</subfield>
</datafield>
<datafield tag="650" ind1=" " ind2="0">
<subfield code="a">Navigation</subfield>
<subfield code="x">History.</subfield>
</datafield>
<datafield tag="650" ind1=" " ind2="0">
<subfield code="a">Voyages and travels</subfield>
<subfield code="x">History.</subfield>
</datafield>
<datafield tag="OWN" ind1=" " ind2=" ">
<subfield code="a">GENERAL</subfield>
</datafield>
<datafield tag="950" ind1=" " ind2=" ">
<subfield code="l">BMAIN</subfield>
<subfield code="a">VK15</subfield>
<subfield code="b">.F34</subfield>
</datafield>
<datafield tag="955" ind1=" " ind2=" ">
<subfield code="l">BMAIN</subfield>
<subfield code="c">1</subfield>
<subfield code="r">029139329</subfield>
</datafield>
<datafield tag="998" ind1=" " ind2=" ">
<subfield code="s">9114</subfield>
</datafield>
<datafield tag="AVA" ind1=" " ind2=" ">
<subfield code="a">NYU50</subfield>
<subfield code="b">BOBST</subfield>
<subfield code="c">Main Collection</subfield>
<subfield code="d">VK15 .F34</subfield>
<subfield code="e">unavailable</subfield>
<subfield code="t">Unavailable</subfield>
<subfield code="f">1</subfield>
<subfield code="g">1</subfield>
<subfield code="h">N</subfield>
<subfield code="i">0</subfield>
<subfield code="j">MAIN</subfield>
<subfield code="k">0</subfield>
</datafield>
</record>
